<record><leader>00000cas a22000007a 4500</leader><controlfield tag="001">11116399</controlfield><controlfield tag="008">840904d19041972njuwr ne      0    0eng  </controlfield><controlfield tag="009">466</controlfield><datafield ind1=" " ind2=" " tag="010"><subfield code="a">sn 84020554 </subfield></datafield><datafield ind1=" " ind2=" " tag="040"><subfield code="a">DLC</subfield><subfield code="b">eng</subfield><subfield code="c">DLC</subfield><subfield code="d">NPX</subfield><subfield code="d">NPA</subfield><subfield code="d">NSD</subfield><subfield code="d">NJW</subfield><subfield code="d">MGN</subfield><subfield code="d">NVK</subfield><subfield code="d">OCL</subfield><subfield code="d">OCLCQ</subfield><subfield code="d">OCLCO</subfield><subfield code="d">OCLCA</subfield><subfield code="d">OCLCF</subfield></datafield><datafield ind1="1" ind2=" " tag="029"><subfield code="a">AU@</subfield><subfield code="b">000020338023</subfield></datafield><datafield ind1=" " ind2=" " tag="042"><subfield code="a">msc</subfield></datafield><datafield ind1="0" ind2="0" tag="050"><subfield code="a">Newspaper 7002</subfield></datafield><datafield ind1="0" ind2="0" tag="245"><subfield code="a">Salem standard and Jerseyman.</subfield></datafield><datafield ind1=" " ind2=" " tag="260"><subfield code="a">Salem, N.J. :</subfield><subfield code="b">William H. Chew,</subfield><subfield code="c">1904-1972.</subfield></datafield><datafield ind1=" " ind2=" " tag="300"><subfield code="a">v. :</subfield><subfield code="b">ill. ;</subfield><subfield code="c">63 cm.</subfield></datafield><datafield ind1=" " ind2=" " tag="310"><subfield code="a">Weekly</subfield></datafield><datafield ind1="0" ind2=" " tag="362"><subfield code="a">Vol. 1, no. 1 (Oct. 19, 1904)-v. 69, no. 48 (Sept. 6, 1972).</subfield></datafield><datafield ind1=" " ind2=" " tag="500"><subfield code="a">Publisher varies: Standard and Jerseyman Co., 1904-1944; Thomas H. Bowen, 1957-1972.</subfield></datafield><datafield ind1=" " ind2=" " tag="500"><subfield code="a">Issues for Feb. 7, 1917-Feb. 19, 1930 have section called: Pennsgrove and Carney's Point news (from Apr. 20, 1921-Feb. 19, 1930 called: Penns Grove and Carney's Point news).</subfield></datafield><datafield ind1=" " ind2=" " tag="500"><subfield code="a">Special Historical and industrial supplement edited and compiled by Albert E. Walker, Mar. 13, 1912.</subfield></datafield><datafield ind1=" " ind2=" " tag="500"><subfield code="a">Republican. Cf. Ayer, 1972.</subfield></datafield><datafield ind1=" " ind2=" " tag="580"><subfield code="a">Merged with: Salem sunbeam; Monitor-register; Pennsville progress; and: Penns Grove sun, to form: Today's sunbeam.</subfield></datafield><datafield ind1=" " ind2="0" tag="651"><subfield code="a">Salem (N.J.)</subfield><subfield code="v">Newspapers.</subfield></datafield><datafield ind1=" " ind2="7" tag="655"><subfield code="a">Newspapers.</subfield><subfield code="2">fast</subfield><subfield code="0">(OCoLC)fst01423814</subfield></datafield><datafield ind1=" " ind2="7" tag="651"><subfield code="a">New Jersey</subfield><subfield code="z">Salem.</subfield><subfield code="2">fast</subfield><subfield code="0">(OCoLC)fst01231439</subfield></datafield><datafield ind1=" " ind2=" " tag="752"><subfield code="a">United States</subfield><subfield code="b">New Jersey</subfield><subfield code="c">Salem</subfield><subfield code="d">Salem.</subfield></datafield><datafield ind1=" " ind2=" " tag="752"><subfield code="a">United States</subfield><subfield code="b">New Jersey</subfield><subfield code="c">Salem</subfield><subfield code="d">Penns Grove.</subfield></datafield><datafield ind1=" " ind2=" " tag="752"><subfield code="a">United States</subfield><subfield code="b">New Jersey</subfield><subfield code="c">Salem</subfield><subfield code="d">Pennsgrove.</subfield></datafield><datafield ind1=" " ind2=" " tag="752"><subfield code="a">United States</subfield><subfield code="b">New Jersey</subfield><subfield code="c">Salem</subfield><subfield code="d">Carney's Point.</subfield></datafield><datafield ind1="0" ind2="4" tag="780"><subfield code="t">National standard (Salem, N.J. : 1867)</subfield><subfield code="w">(DLC)sn 84026164</subfield><subfield code="w">(OCoLC)10311537</subfield></datafield><datafield ind1="0" ind2="4" tag="780"><subfield code="t">South Jerseyman</subfield><subfield code="w">(DLC)sn 90063113</subfield><subfield code="w">(OCoLC)23035449</subfield></datafield><datafield ind1="1" ind2="7" tag="785"><subfield code="t">Salem sunbeam</subfield><subfield code="w">(DLC)sn 84026231</subfield><subfield code="w">(OCoLC)10357083</subfield></datafield><datafield ind1="1" ind2="7" tag="785"><subfield code="t">Monitor-register</subfield><subfield code="w">(DLC)sn 85035776</subfield><subfield code="w">(OCoLC)12127671</subfield></datafield><datafield ind1="1" ind2="7" tag="785"><subfield code="t">Pennsville progress</subfield><subfield code="w">(DLC)sn 87068145</subfield><subfield code="w">(OCoLC)15735537</subfield></datafield><datafield ind1="1" ind2="7" tag="785"><subfield code="t">Penns Grove sun</subfield><subfield code="w">(DLC)sn 87068144</subfield><subfield code="w">(OCoLC)15794214</subfield></datafield><datafield ind1="1" ind2="7" tag="785"><subfield code="t">Today's sunbeam</subfield><subfield code="x">0890-9830</subfield><subfield code="w">(DLC)sn 86002851</subfield><subfield code="w">(OCoLC)14513784</subfield></datafield></record>